
@article{chou2013robotic,
  title={A Robotic Indoor 3D Mapping System Using a 2D Laser Range Finder Mounted on a Rotating Four-Bar Linkage of a Mobile Platform},
  author={Chou, Yu-Shin and Liu, Jing-Sin},
  journal={Int J Adv Robotic Sy},
  volume={10},
  number={45},
  year={2013}
}

@inproceedings{thrun2000real,
  title={A real-time algorithm for mobile robot mapping with applications to multi-robot and 3D mapping},
  author={Thrun, Sebastian and Burgard, Wolfram and Fox, Dieter},
  booktitle={Robotics and Automation, 2000. Proceedings. ICRA'00. IEEE International Conference on},
  volume={1},
  pages={321--328},
  year={2000},
  organization={IEEE}
}

@inproceedings{tomono2009robust,
  title={Robust 3D SLAM with a stereo camera based on an edge-point ICP algorithm},
  author={Tomono, Masahiro},
  booktitle={Robotics and Automation, 2009. ICRA'09. IEEE International Conference on},
  pages={4306--4311},
  year={2009},
  organization={IEEE}
}

@inproceedings{henry2010rgb,
  title={RGB-D mapping: Using depth cameras for dense 3D modeling of indoor environments},
  author={Henry, Peter and Krainin, Michael and Herbst, Evan and Ren, Xiaofeng and Fox, Dieter},
  booktitle={the 12th International Symposium on Experimental Robotics (ISER)},
  volume={20},
  pages={22--25},
  year={2010}
}

@phdthesis{ihrke2001digital,
  title={Digital elevation mapping using stereoscopic vision},
  author={Ihrke, Ivo},
  school={Citeseer}
}

@inproceedings{khoshelham2011accuracy,
  title={Accuracy analysis of kinect depth data},
  author={Khoshelham, Kourosh},
  booktitle={ISPRS workshop laser scanning},
  volume={38},
  pages={1},
  year={2011}
}

@article{hogmanbuilding,
  title={Building a 3D map from RGB-D sensors},
  author={H{\"o}gman, Virgile}
}

@webpage{microsoft-kinect,
  title={Microsoft Kinect},
  author={Microsoft},
  url = {http://www.xbox.com/es-AR/Xbox360/Accessories/Kinect/Home},
  lastchecked = {06 Noviembre 2013},
}

@webpage{primesense,
  title={PrimeSense Natural Interaction},
  author={PrimeSense},
  url = {http://www.primesense.com},
  lastchecked = {06 Noviembre 2013},
}

@misc{wiki:cross-correlation,
  author = {Wikipedia},
  title = {Correlaci√≥n cruzada --- Wikipedia{,} La enciclopedia libre},
  year = {2013},
  url = {http://es.wikipedia.org/w/index.php?title=Correlaci%C3%B3n_cruzada&oldid=65007257},
  note = {[Internet; descargado 6-noviembre-2013]}
}